@inproceedings{anati2013sgx,
  title={Innovative Technology for CPU Based Attestation and Sealing},
  author={Anati, Ittai and Gueron, Shay and Johnson, Simon P and Scarlata, Vincent R},
  booktitle={Proceedings of the 2nd International Workshop on Hardware and Architectural Support for Security and Privacy, HASP},
  volume={13},
  year={2013}
}
@book{grawrock2009txt,
  title={Dynamics of a Trusted Platform: A building block approach},
  author={Grawrock, David},
  year={2009},
  publisher={Intel Press}
}

@article{riot2009lol,
  title={League of legends},
  author={Riot Games},
  year={2009}
}
@article{blizzard2004wow,
  title={World of WarCraft},
  author={Blizzard Entertainment},
  year={2004}
}
@article{blizzard2010sc2,
  title={StarCraft II},
  author={Blizzard Entertainment},
  year={2010}
}
@article{id2004doom,
  title={Doom III},
  author={id Software},
  year={2004},
}

@mastersthesis{hardy2009cheating,
  title={Cheating in Multiplayer Video Games},
  author={Hardy, Robert Stafford},
  year={2009},
  school={Virginia Polytechnic Institute and State University}
}
@misc{youtube:lolcheating,
  title={Updated League of Legends Maphack},
  url={\url{http://www.youtube.com/watch?v=tEu7sF0Ei-8}},
  year={2013},
  note={[Online; accessed 21-January-2014]}
}
@misc{youtube:quake3cheating,
  title={quake 3 aimbot \& wallhack},
  url={\url{https://www.youtube.com/watch?v=Ja_siIwkxPg}},
  year={2008},
  note={[Online; accessed 21-January-2014]}
}
